@book{lp2013raspberry,
  title={Application White Paper of Raspberry Pi},
  author={Jaesang Lee, Yoonseok Pyo},
  year={2013},
  pages={1--332},
  publisher={BJ Public},
  ISBN={9788994774497}
}

@book{thrun2005probabilistic,
  title={Probabilistic robotics},
  author={Thrun, Sebastian and Burgard, Wolfram and Fox, Dieter},
  year={2005},
  publisher={MIT press}
}

@book{martinez_2013,
  title     = {Learning ROS for Robotics Programming},
  author    = {Aaron Martinez and Enrique Fern√°ndez},
  month     = {sep},
  year      = {2013},
  publisher = {Packt Publishing},
  isbn      = {1782161449},
  url       = {https://www.packtpub.com/hardware-and-creative/learning-ros-robotics-programming}
}

@book{goebel_2013,
  title     = {ROS By Example Vol1},
  author    = {Patrick Goebel},
  year      = {2013},
  publisher = {Lulu},
  url       = {http://www.lulu.com/shop/r-patrick-goebel/ros-by-example-hydro-volume-1/paperback/product-21663223.html}
}

@book{goebel_2014,
  title     = {ROS By Example Vol2},
  author    = {Patrick Goebel},
  year      = {2014},
  publisher = {Lulu},
  url       = {http://www.lulu.com/shop/r-patrick-goebel/ros-by-example-volume-2-hydro/ebook/product-21756214.html}
}

@BOOK{OKane201310,
  title     = {A Gentle Introduction to ROS},
  publisher = {CreateSpace Independent Publishing Platform},
  year      = {2013},
  author    = {Jason M. O'Kane},
  month     = {10},
  isbn      = {9781492143239},
  totalpages= {162},
  url       = {http://www.cse.sc.edu/~jokane/agitr/}
}

@book{pyo_2014,
  title     = {ROSBook KR},
  author    = {Yoonseok Pyo},
  month     = {12},
  year      = {2014},
  publisher = {OROCA},
  totalpages= {261},
  url       = {https://github.com/robotpilot/rosbook_kr/}
}

@article{marder2010office,
  title={The Office Marathon},
  author={Marder-Eppstein, Eitan and Berger, Eric and Foote, Tully and Gerkey, Brian and Konolige, Kurt},
  year={2010}
}

@inproceedings{grisetti2005improving,
  title={Improving grid-based slam with rao-blackwellized particle filters by adaptive proposals and selective resampling},
  author={Grisetti, Giorgio and Stachniss, Cyrill and Burgard, Wolfram},
  booktitle={Robotics and Automation, 2005. ICRA 2005. Proceedings of the 2005 IEEE International Conference on},
  pages={2432--2437},
  year={2005},
  organization={IEEE}
}

@article{grisetti2007improved,
  title={Improved techniques for grid mapping with rao-blackwellized particle filters},
  author={Grisetti, Giorgio and Stachniss, Cyrill and Burgard, Wolfram},
  journal={Robotics, IEEE Transactions on},
  volume={23},
  number={1},
  pages={34--46},
  year={2007},
  publisher={IEEE}
}



@article{fox1999monte,
  title={Monte carlo localization: Efficient position estimation for mobile robots},
  author={Fox, Dieter and Burgard, Wolfram and Dellaert, Frank and Thrun, Sebastian},
  journal={AAAI/IAAI},
  volume={1999},
  pages={343--349},
  year={1999}
}

@inproceedings{dellaert1999monte,
  title={Monte carlo localization for mobile robots},
  author={Dellaert, Frank and Fox, Dieter and Burgard, Wolfram and Thrun, Sebastian},
  booktitle={Robotics and Automation, 1999. Proceedings. 1999 IEEE International Conference on},
  volume={2},
  pages={1322--1328},
  year={1999},
  organization={IEEE}
}

@article{pyo2014floor,
  title={Floor Sensing System Using Laser Reflectivity for Localizing Everyday Objects and Robot},
  author={Pyo, Yoonseok and Hasegawa, Tsutomu and Tsuji, Tokuo and Kurazume, Ryo and Morooka, Ken'ichi},
  journal={Sensors},
  volume={14},
  number={4},
  pages={7524--7540},
  year={2014},
  publisher={Multidisciplinary Digital Publishing Institute}
}

